%  a sample bibliography file
%  
@article{Heiles,
author = {Heiles, Carl},
title={CALIBRATING THE INTENSITY AND SHAPE OF SPECTRAL LINES},
year = {2014}
}


@article{Putman2003,
author = {Putman, Mary E. and Staveley-Smith, Lister and Freeman, Kenneth C.},
title = {{The Magellanic Stream, High-Velocity Clouds, and the Sculptor Group}},
year = {2003}
}